@INCOLLECTION{Ferreira+2008ccmms,
  author = {Ferreira, Jr., Paulo R. and Felipe Boffo and Ana L. C. Bazzan},
  title = {Using Swarm-{GAP} for Distributed Task Allocation in Complex Scenarios},
  booktitle = {Massively Multiagent Systems},
  publisher = {Springer},
  year = {2008},
  editor = {Nadeem Jamali and Paul Scerri and Toshiharu Sugawara},
  number = {5043},
  series = {Lecture Notes in Artificial Intelligence},
  pages = {107--121},
  address = {Berlin}
}

@inproceedings{Kitano2000,
  author =    {Kitano, H.},
   title =     {RoboCup Rescue: A Grand Challenge for Multi-Agent Systems},
   booktitle = {Proc. of the 4th International Conference on MultiAgent Systems},
   address =   {Boston, USA},
   year =      {2000},
   pages =     {5--12},
   publisher = {Los Alamitos, IEEE Computer Society}
}

@inproceedings{Kleiner+2013,
  title={{RMASBench}: benchmarking dynamic multi-agent coordination in urban search and rescue},
  author={Kleiner, Alexander and Farinelli, Alessandro and Ramchurn, Sarvapali and Shi, Bing and Maffioletti, Fabio and Reffato, Riccardo},
  booktitle={Proceedings of the 2013 international conference on Autonomous agents and multi-agent systems},
  pages={1195--1196},
  year={2013},
  organization={International Foundation for Autonomous Agents and Multiagent Systems}
}

@INPROCEEDINGS{Santos&Bazzan2009optmas,
  author = {dos Santos, Fernando and Bazzan, Ana L. C.},
  title = {e{X}treme-Ants: {A}nt {B}ased {A}lgorithm for {T}ask {A}llocation in {E}xtreme
	{T}eams},
  booktitle = {Proceedings of the Second International Workshop on Optimisation
	in Multi-Agent Systems},
  year = {2009},
  editor = {Nicholas R. Jennings and Alex Rogers and Juan Antonio Rodriguez Aguilar
	and Alessandro Farinelli and Sarvapali D. Ramchurn},
  pages = {1--8},
  address = {Budapest, Hungary},
  month = {May}
}

@INPROCEEDINGS{Scerri+2005,
  author = {Paul Scerri and Alessandro Farinelli and Steven Okamoto and Milind
	Tambe},
  title = {Allocating tasks in extreme teams},
  booktitle = {Proc. of the Fourth International Joint Conference on Autonomous
	Agents and Multiagent Systems},
  year = {2005},
  editor = {Frank Dignum and Virginia Dignum and Sven Koenig and Sarit Kraus and  Munindar P. Singh and Michael Wooldridge},
  pages = {727--734},
  address = {New York, USA},
  publisher = {ACM Press},
  doi = {http://doi.acm.org/10.1145/1082473.1082584},
  isbn = {1-59593-093-0},
  location = {Utrecht, The Netherlands}
}

@INPROCEEDINGS{Theraulaz+1998,
  author = {Theraulaz, G. and Bonabeau, E. and Deneubourg, J.},
  title = {{Response Threshold Reinforcement and Division of Labour in Insect Societies}},
  booktitle = {Royal Society of London Series B - Biological Sciences},
  year = {1998},
  volume = {265},
  pages = {327--332},
  month = {2}
}

